@book{big-data-herrera,
	author    = "F. Herrera",
	title     = "Inteligencia artificial, inteligencia computacional y Big Data",
	year      = "2014",
	publisher = "Servicio de Publicaciones, Universidad de Ja√©n",
}

@book{data-science,
	author    = "R. Schutt, and C. O'Neil",
	title     = "Doing data science: Straight talk from the frontline",
	year      = "2013",
	publisher = "O'Reilly Media, Inc.",
}

@misc{internet,
	author   = "Internet live stats",
	title   = "Total number of Websites",
	url      = "http://www.internetlivestats.com/total-number-of-websites/"
}

@article{map-reduce,
	author    = "J. Dean, and S. Ghemawat",
	title     = "MapReduce: simplified data processing on large clusters",
	journal   = "Communications of the ACM",
	year      = "2008",
	vol       = "51",
	pages     = "107--113"
}

@article{spark-rdd,
	author  = "Matei Zaharia,  et al.",
	title   = "Resilient distributed datasets: A fault-tolerant abstraction for in-memory cluster computing",
	journal = "Proceedings of the 9th USENIX conference on Networked Systems Design and Implementation. USENIX Association",
	year    = "2012",
}
